###############################################################################
## __ICECUBE__
###############################################################################
@article{IceCube:2018dnn,
      author         = "Aartsen, M. G. and others",
      title          = "{Multimessenger observations of a flaring blazar
                        coincident with high-energy neutrino IceCube-170922A}",
      collaboration  = "Liverpool Telescope, MAGIC, H.E.S.S., AGILE, Kiso,
                        VLA/17B-403, INTEGRAL, Kapteyn, Subaru, HAWC, Fermi-LAT,
                        ASAS-SN, VERITAS, Kanata, IceCube, Swift NuSTAR",
      journal        = "Science",
      volume         = "361",
      year           = "2018",
      number         = "6398",
      pages          = "eaat1378",
      doi            = "10.1126/science.aat1378",
      eprint         = "1807.08816",
      archivePrefix  = "arXiv",
      primaryClass   = "astro-ph.HE",
      SLACcitation   = "%%CITATION = ARXIV:1807.08816;%%"
}
@article{IceCube:2018cha,
      author         = "Aartsen, M. G. and others",
      title          = "{Neutrino emission from the direction of the blazar TXS
                        0506+056 prior to the IceCube-170922A alert}",
      collaboration  = "IceCube",
      journal        = "Science",
      volume         = "361",
      year           = "2018",
      number         = "6398",
      pages          = "147-151",
      doi            = "10.1126/science.aat2890",
      eprint         = "1807.08794",
      archivePrefix  = "arXiv",
      primaryClass   = "astro-ph.HE",
      SLACcitation   = "%%CITATION = ARXIV:1807.08794;%%"
}
@article{Aartsen:2014aqy,
      author         = "Aartsen, M. G. and others",
      title          = "{Search for Prompt Neutrino Emission from Gamma-Ray
                        Bursts with IceCube}",
      collaboration  = "IceCube",
      journal        = "Astrophys. J.",
      volume         = "805",
      year           = "2015",
      number         = "1",
      pages          = "L5",
      doi            = "10.1088/2041-8205/805/1/L5",
      eprint         = "1412.6510",
      archivePrefix  = "arXiv",
      primaryClass   = "astro-ph.HE",
      SLACcitation   = "%%CITATION = ARXIV:1412.6510;%%"
}
@article{Abbasi:2012zw,
      author         = "Abbasi, R. and others",
      title          = "{An absence of neutrinos associated with cosmic-ray
                        acceleration in $\gamma$-ray bursts}",
      collaboration  = "IceCube",
      journal        = "Nature",
      volume         = "484",
      year           = "2012",
      pages          = "351-353",
      doi            = "10.1038/nature11068",
      eprint         = "1204.4219",
      archivePrefix  = "arXiv",
      primaryClass   = "astro-ph.HE",
      SLACcitation   = "%%CITATION = ARXIV:1204.4219;%%"
}
@article{IceCube:2018cha,
      author         = "Aartsen, M. G. and others",
      title          = "{Neutrino emission from the direction of the blazar TXS
                        0506+056 prior to the IceCube-170922A alert}",
      collaboration  = "IceCube",
      journal        = "Science",
      volume         = "361",
      year           = "2018",
      number         = "6398",
      pages          = "147-151",
      doi            = "10.1126/science.aat2890",
      eprint         = "1807.08794",
      archivePrefix  = "arXiv",
      primaryClass   = "astro-ph.HE",
      SLACcitation   = "%%CITATION = ARXIV:1807.08794;%%"
}
@article{IceCube:2018dnn,
      author         = "Aartsen, M. G. and others",
      title          = "{Multimessenger observations of a flaring blazar
                        coincident with high-energy neutrino IceCube-170922A}",
      collaboration  = "Liverpool Telescope, MAGIC, H.E.S.S., AGILE, Kiso,
                        VLA/17B-403, INTEGRAL, Kapteyn, Subaru, HAWC, Fermi-LAT,
                        ASAS-SN, VERITAS, Kanata, IceCube, Swift NuSTAR",
      journal        = "Science",
      volume         = "361",
      year           = "2018",
      number         = "6398",
      pages          = "eaat1378",
      doi            = "10.1126/science.aat1378",
      eprint         = "1807.08816",
      archivePrefix  = "arXiv",
      primaryClass   = "astro-ph.HE",
      SLACcitation   = "%%CITATION = ARXIV:1807.08816;%%"
}
@article{Aartsen:2016lmt,
      author         = "Aartsen, M. G. and others",
      title          = "{The IceCube Realtime Alert System}",
      collaboration  = "IceCube",
      journal        = "Astropart. Phys.",
      volume         = "92",
      year           = "2017",
      pages          = "30-41",
      doi            = "10.1016/j.astropartphys.2017.05.002",
      eprint         = "1612.06028",
      archivePrefix  = "arXiv",
      primaryClass   = "astro-ph.HE",
      SLACcitation   = "%%CITATION = ARXIV:1612.06028;%%"
}
@article{Aartsen:2016ngq,
      author         = "Aartsen, M. G. and others",
      title          = "{Constraints on Ultrahigh-Energy Cosmic-Ray Sources from
                        a Search for Neutrinos above 10 PeV with IceCube}",
      collaboration  = "IceCube",
      journal        = "Phys. Rev. Lett.",
      volume         = "117",
      year           = "2016",
      number         = "24",
      pages          = "241101",
      doi            = "10.1103/PhysRevLett.117.241101,
                        10.1103/PhysRevLett.119.259902,
                        10.1103/PhysRevLett.117.241101,
                        10.1103/PhysRevLett.119.259902",
      note           = "[Erratum: Phys. Rev. Lett.119,no.25,259902(2017)]",
      eprint         = "1607.05886",
      archivePrefix  = "arXiv",
      primaryClass   = "astro-ph.HE",
      SLACcitation   = "%%CITATION = ARXIV:1607.05886;%%"
}
@article{Aartsen:2015dml,
      author         = "Aartsen, M. G. and others",
      title          = "{Search for correlations between the arrival directions
                        of IceCube neutrino events and ultrahigh-energy cosmic
                        rays detected by the Pierre Auger Observatory and the
                        Telescope Array}",
      collaboration  = "IceCube, Pierre Auger, Telescope Array",
      journal        = "JCAP",
      volume         = "1601",
      year           = "2016",
      number         = "01",
      pages          = "037",
      doi            = "10.1088/1475-7516/2016/01/037",
      eprint         = "1511.09408",
      archivePrefix  = "arXiv",
      primaryClass   = "astro-ph.HE",
      reportNumber   = "FERMILAB-PUB-15-520-AD-AE-CD-TD",
      SLACcitation   = "%%CITATION = ARXIV:1511.09408;%%"
}
@article{Aartsen:2016qcr,
      author         = "Aartsen, M. G. and others",
      title          = "{An All-Sky Search for Three Flavors of Neutrinos from
                        Gamma-Ray Bursts with the IceCube Neutrino Observatory}",
      collaboration  = "IceCube",
      journal        = "Astrophys. J.",
      volume         = "824",
      year           = "2016",
      number         = "2",
      pages          = "115",
      doi            = "10.3847/0004-637X/824/2/115",
      eprint         = "1601.06484",
      archivePrefix  = "arXiv",
      primaryClass   = "astro-ph.HE",
      SLACcitation   = "%%CITATION = ARXIV:1601.06484;%%"
}
@ARTICLE{Abbasi:2010grb,
   author = {{Abbasi}, R. and {Abdou}, Y. and {Abu-Zayyad}, T. and {Adams}, J. and
	{Aguilar}, J.~A. and {Ahlers}, M. and {Andeen}, K. and {Auffenberg}, J. and
	{Bai}, X. and {Baker}, M. and et al.},
    title = "{Search for Muon Neutrinos from Gamma-ray Bursts with the IceCube Neutrino Telescope}",
  journal = {\apj},
archivePrefix = "arXiv",
   eprint = {0907.2227},
 primaryClass = "astro-ph.HE",
 keywords = {gamma-ray burst: general, methods: data analysis, neutrinos, telescopes},
     year = 2010,
    month = feb,
   volume = 710,
    pages = {346-359},
      doi = {10.1088/0004-637X/710/1/346},
   adsurl = {http://adsabs.harvard.edu/abs/2010ApJ...710..346A},
  adsnote = {Provided by the SAO/NASA Astrophysics Data System}
}
@article{Aartsen:2016nxy,
      author         = "Aartsen, M. G. and others",
      title          = "{The IceCube Neutrino Observatory: Instrumentation and
                        Online Systems}",
      collaboration  = "IceCube",
      journal        = "JINST",
      volume         = "12",
      year           = "2017",
      number         = "03",
      pages          = "P03012",
      doi            = "10.1088/1748-0221/12/03/P03012",
      eprint         = "1612.05093",
      archivePrefix  = "arXiv",
      primaryClass   = "astro-ph.IM",
      SLACcitation   = "%%CITATION = ARXIV:1612.05093;%%"
}
@ARTICLE{Wiebusch:2009DeepCore,
   author = {{Wiebusch}, C. and {for the IceCube Collaboration}},
    title = "{Physics Capabilities of the IceCube DeepCore Detector}",
  journal = {ArXiv e-prints},
archivePrefix = "arXiv",
   eprint = {0907.2263},
 primaryClass = "astro-ph.IM",
 keywords = {Astrophysics - Instrumentation and Methods for Astrophysics, Astrophysics - High Energy Astrophysical Phenomena},
     year = 2009,
    month = jul,
   adsurl = {http://adsabs.harvard.edu/abs/2009arXiv0907.2263W},
  adsnote = {Provided by the SAO/NASA Astrophysics Data System}
}
@article{IceCube:2012nn,
      author         = "Abbasi, R. and others",
      title          = "{IceTop: The surface component of IceCube}",
      collaboration  = "IceCube",
      journal        = "Nucl. Instrum. Meth.",
      volume         = "A700",
      year           = "2013",
      pages          = "188-220",
      doi            = "10.1016/j.nima.2012.10.067",
      eprint         = "1207.6326",
      archivePrefix  = "arXiv",
      primaryClass   = "astro-ph.IM",
      SLACcitation   = "%%CITATION = ARXIV:1207.6326;%%"
}
@article{Aartsen:2013dsm,
      author         = "Aartsen, M. G. and others",
      title          = "{Probing the origin of cosmic rays with extremely high
                        energy neutrinos using the IceCube Observatory}",
      collaboration  = "IceCube",
      journal        = "Phys. Rev.",
      volume         = "D88",
      year           = "2013",
      pages          = "112008",
      doi            = "10.1103/PhysRevD.88.112008",
      eprint         = "1310.5477",
      archivePrefix  = "arXiv",
      primaryClass   = "astro-ph.HE",
      SLACcitation   = "%%CITATION = ARXIV:1310.5477;%%"
}
@INPROCEEDINGS{Cowen:2007NuTaus,
   author = {{Cowen}, D.~F. and {Ice Cube Collaboration}},
    title = "{Tau Neutrinos in IceCube}",
booktitle = {Journal of Physics Conference Series},
     year = 2007,
   series = {Journal of Physics Conference Series},
   volume = 60,
   editor = {{Halzen}, F. and {Karle}, A. and {Montaruli}, T.},
    month = mar,
    pages = {227-230},
      doi = {10.1088/1742-6596/60/1/048},
   adsurl = {http://adsabs.harvard.edu/abs/2007JPhCS..60..227C},
  adsnote = {Provided by the SAO/NASA Astrophysics Data System}
}
@article{Aartsen:2013jdh,
      author         = "Aartsen, M. G. and others",
      title          = "{Evidence for High-Energy Extraterrestrial Neutrinos at
                        the IceCube Detector}",
      collaboration  = "IceCube",
      journal        = "Science",
      volume         = "342",
      year           = "2013",
      pages          = "1242856",
      doi            = "10.1126/science.1242856",
      eprint         = "1311.5238",
      archivePrefix  = "arXiv",
      primaryClass   = "astro-ph.HE",
      SLACcitation   = "%%CITATION = ARXIV:1311.5238;%%"
}
@article{Aartsen:2014gkd,
      author         = "Aartsen, M. G. and others",
      title          = "{Observation of High-Energy Astrophysical Neutrinos in
                        Three Years of IceCube Data}",
      collaboration  = "IceCube",
      journal        = "Phys. Rev. Lett.",
      volume         = "113",
      year           = "2014",
      pages          = "101101",
      doi            = "10.1103/PhysRevLett.113.101101",
      eprint         = "1405.5303",
      archivePrefix  = "arXiv",
      primaryClass   = "astro-ph.HE",
      SLACcitation   = "%%CITATION = ARXIV:1405.5303;%%"
}
@article{Aartsen:2013rt,
      author         = "Aartsen, M. G. and others",
      title          = "{Measurement of South Pole ice transparency with the
                        IceCube LED calibration system}",
      collaboration  = "IceCube",
      journal        = "Nucl. Instrum. Meth.",
      volume         = "A711",
      year           = "2013",
      pages          = "73-89",
      doi            = "10.1016/j.nima.2013.01.054",
      eprint         = "1301.5361",
      archivePrefix  = "arXiv",
      primaryClass   = "astro-ph.IM",
      SLACcitation   = "%%CITATION = ARXIV:1301.5361;%%"
}
@Article{Bos:2015SunMoon,
AUTHOR = {Bos, F. and Tenholt, F. and Becker Tjus, J. and Westerhoff, S.},
TITLE = {Observation of the Cosmic-Ray Shadow of the Moon and Sun with IceCube},
JOURNAL = {ASTRA Proceedings},
VOLUME = {2},
YEAR = {2015},
PAGES = {5--8},
URL = {https://www.astra-proc.net/2/5/2015/},
DOI = {10.5194/ap-2-5-2015}
}
@article{Aartsen:2013zka,
      author         = "Aartsen, M. G. and others",
      title          = "{Observation of the cosmic-ray shadow of the Moon with
                        IceCube}",
      collaboration  = "IceCube",
      journal        = "Phys. Rev.",
      volume         = "D89",
      year           = "2014",
      number         = "10",
      pages          = "102004",
      doi            = "10.1103/PhysRevD.89.102004",
      eprint         = "1305.6811",
      archivePrefix  = "arXiv",
      primaryClass   = "astro-ph.HE",
      SLACcitation   = "%%CITATION = ARXIV:1305.6811;%%"
}
@article{Aartsen:2013vja,
      author         = "Aartsen, M. G. and others",
      title          = "{Energy Reconstruction Methods in the IceCube Neutrino
                        Telescope}",
      collaboration  = "IceCube",
      journal        = "JINST",
      volume         = "9",
      year           = "2014",
      pages          = "P03009",
      doi            = "10.1088/1748-0221/9/03/P03009",
      eprint         = "1311.4767",
      archivePrefix  = "arXiv",
      primaryClass   = "physics.ins-det",
      SLACcitation   = "%%CITATION = ARXIV:1311.4767;%%"
}
@article{Ahrens:2003fg,
      author         = "Ahrens, J. and others",
      title          = "{Muon track reconstruction and data selection techniques
                        in AMANDA}",
      collaboration  = "AMANDA",
      journal        = "Nucl. Instrum. Meth.",
      volume         = "A524",
      year           = "2004",
      pages          = "169-194",
      doi            = "10.1016/j.nima.2004.01.065",
      eprint         = "astro-ph/0407044",
      archivePrefix  = "arXiv",
      primaryClass   = "astro-ph",
      SLACcitation   = "%%CITATION = ASTRO-PH/0407044;%%"
}
@online{Kowalski:2003fg,
      author         = {M. Kowalski and I. Taboada},
      title          = {Cascade Reconstruction in AMANDA},
      year           = {2004},
      url            = {http://icecube.berkeley.edu/manuscripts/20020301xx-picrc.pdf},
      urldate        = {2018-09-06}
}
@article{Aartsen:2016qbu,
      author         = "Aartsen, M. G. and others",
      title          = "{Very High-Energy Gamma-Ray Follow-Up Program Using
                        Neutrino Triggers from IceCube}",
      collaboration  = "IceCube, MAGIC, VERITAS",
      journal        = "JINST",
      volume         = "11",
      year           = "2016",
      number         = "11",
      pages          = "P11009",
      doi            = "10.1088/1748-0221/11/11/P11009",
      eprint         = "1610.01814",
      archivePrefix  = "arXiv",
      primaryClass   = "hep-ex",
      SLACcitation   = "%%CITATION = ARXIV:1610.01814;%%"
}
@article{Aartsen:2016oji,
      author         = "Aartsen, M. G. and others",
      title          = "{All-sky Search for Time-integrated Neutrino Emission
                        from Astrophysical Sources with 7 yr of IceCube Data}",
      collaboration  = "IceCube",
      journal        = "Astrophys. J.",
      volume         = "835",
      year           = "2017",
      number         = "2",
      pages          = "151",
      doi            = "10.3847/1538-4357/835/2/151",
      eprint         = "1609.04981",
      archivePrefix  = "arXiv",
      primaryClass   = "astro-ph.HE",
      SLACcitation   = "%%CITATION = ARXIV:1609.04981;%%"
}
@article{Aartsen:2013uuv,
      author         = "Aartsen, M. G. and others",
      title          = "{Search for Time-independent Neutrino Emission from
                        Astrophysical Sources with 3 yr of IceCube Data}",
      collaboration  = "IceCube",
      journal        = "Astrophys. J.",
      volume         = "779",
      year           = "2013",
      pages          = "132",
      doi            = "10.1088/0004-637X/779/2/132",
      eprint         = "1307.6669",
      archivePrefix  = "arXiv",
      primaryClass   = "astro-ph.HE",
      SLACcitation   = "%%CITATION = ARXIV:1307.6669;%%"
}
@ARTICLE{Aartsen:2014PS4yrs,
   author = {{Aartsen}, M.~G. and {Ackermann}, M. and {Adams}, J. and {Aguilar}, J.~A. and
      {Ahlers}, M. and {Ahrens}, M. and {Altmann}, D. and {Anderson}, T. and
      {Arguelles}, C. and {Arlen}, T.~C. and et al.},
    title = "{Searches for Extended and Point-like Neutrino Sources with Four Years of IceCube Data}",
  journal = {\apj},
archivePrefix = "arXiv",
   eprint = {1406.6757},
 primaryClass = "astro-ph.HE",
 keywords = {astroparticle physics, galaxies: active, galaxies: clusters: general, galaxies: starburst, ISM: supernova remnants, neutrinos},
     year = 2014,
    month = dec,
   volume = 796,
      eid = {109},
    pages = {109},
      doi = {10.1088/0004-637X/796/2/109},
   adsurl = {http://adsabs.harvard.edu/abs/2014ApJ...796..109A},
  adsnote = {Provided by the SAO/NASA Astrophysics Data System}
}
###############################################################################
## __END_ICECUBE__
###############################################################################





###############################################################################
## __ICRCs__
###############################################################################
@article{Huber:2017wxt,
      author         = "Huber, Matthias and Krings, Kai",
      title          = "{Results of IceCube searches for neutrinos from blazars
                        using seven years of through-going muon data}",
      booktitle      = "{The Fluorescence detector Array of Single-pixel
                        Telescopes: Contributions to the 35th International Cosmic
                        Ray Conference (ICRC 2017)}",
      collaboration  = "IceCube",
      journal        = "PoS",
      volume         = "ICRC2017",
      year           = "2018",
      pages          = "994",
      doi            = "10.22323/1.301.0994",
      SLACcitation   = "%%CITATION = POSCI,ICRC2017,994;%%"
}
@article{Meagher:2017omt,
      author         = "Meagher, Kevin and Raab, Christoph",
      title          = "{Search for a cumulative neutrino signal from blazar
                        flares using IceCube data}",
      booktitle      = "{The Fluorescence detector Array of Single-pixel
                        Telescopes: Contributions to the 35th International Cosmic
                        Ray Conference (ICRC 2017)}",
      journal        = "PoS",
      volume         = "ICRC2017",
      year           = "2018",
      pages          = "957",
      doi            = "10.22323/1.301.0957",
      SLACcitation   = "%%CITATION = POSCI,ICRC2017,957;%%"
}
@article{Haack:2017dxi,
      author         = "Haack, Christian and Wiebusch, Christopher",
      title          = "{A measurement of the diffuse astrophysical muon neutrino
                        flux using eight years of IceCube data.}",
      booktitle      = "{The Fluorescence detector Array of Single-pixel
                        Telescopes: Contributions to the 35th International Cosmic
                        Ray Conference (ICRC 2017)}",
      collaboration  = "IceCube",
      journal        = "PoS",
      volume         = "ICRC2017",
      year           = "2018",
      pages          = "1005",
      doi            = "10.22323/1.301.1005",
      SLACcitation   = "%%CITATION = POSCI,ICRC2017,1005;%%"
}
@article{Niederhausen:2017mjk,
      author         = "Niederhausen, Hans Martin and Xu, Yiqian",
      title          = "{High Energy Astrophysical Neutrino Flux Measurement
                        Using Neutrino-induced Cascades Observed in 4 Years of
                        IceCube Data}",
      booktitle      = "{The Fluorescence detector Array of Single-pixel
                        Telescopes: Contributions to the 35th International Cosmic
                        Ray Conference (ICRC 2017)}",
      collaboration  = "IceCube",
      journal        = "PoS",
      volume         = "ICRC2017",
      year           = "2018",
      pages          = "968",
      doi            = "10.22323/1.301.0968",
      SLACcitation   = "%%CITATION = POSCI,ICRC2017,968;%%"
}
@article{Kopper:2015vzf,
      author         = "Kopper, Claudio and Giang, William and Kurahashi, Naoko",
      title          = "{Observation of Astrophysical Neutrinos in Four Years of
                        IceCube Data}",
      booktitle      = "{Proceedings, 34th International Cosmic Ray Conference
                        (ICRC 2015): The Hague, The Netherlands, July 30-August 6,
                        2015}",
      collaboration  = "ICECUBE",
      journal        = "PoS",
      volume         = "ICRC2015",
      year           = "2016",
      pages          = "1081",
      doi            = "10.22323/1.236.1081",
      SLACcitation   = "%%CITATION = POSCI,ICRC2015,1081;%%"
}
@article{Kopper:2017zzm,
      author         = "Kopper, Claudio",
      title          = "{Observation of Astrophysical Neutrinos in Six Years of
                        IceCube Data}",
      booktitle      = "{The Fluorescence detector Array of Single-pixel
                        Telescopes: Contributions to the 35th International Cosmic
                        Ray Conference (ICRC 2017)}",
      collaboration  = "IceCube",
      journal        = "PoS",
      volume         = "ICRC2017",
      year           = "2018",
      pages          = "981",
      doi            = "10.22323/1.301.0981",
      SLACcitation   = "%%CITATION = POSCI,ICRC2017,981;%%"
}
__TOCITE__
@article{Yoshida:2017ghs,
      author         = "Yoshida, Shigeru and Ishihara, Aya",
      title          = "{Differential limit on an EHE neutrino flux component in
                        the presence of astrophysical background from nine years
                        of IceCube data}",
      booktitle      = "{The Fluorescence detector Array of Single-pixel
                        Telescopes: Contributions to the 35th International Cosmic
                        Ray Conference (ICRC 2017)}",
      collaboration  = "IceCube",
      journal        = "PoS",
      volume         = "ICRC2017",
      year           = "2018",
      pages          = "975",
      doi            = "10.22323/1.301.0975",
      SLACcitation   = "%%CITATION = POSCI,ICRC2017,975;%%"
}
@inproceedings{Chirkin:2011ice,
      key            = "1352396",
      author         = "Chirkin, Dmitry",
      title          = "{Study of South Pole ice transparency with IceCube
                        flashers}",
      booktitle      = "{Proceedings,      32nd International Cosmic Ray Conference
                        (ICRC 2011): Beijing, China, August 11-18, 2011}",
      volume         = "4",
      pages          = "161",
      doi            = "10.7529/ICRC2011/V04/0333",
      SLACcitation   = "%%CITATION = INSPIRE-1352396;%%"
}
###############################################################################
## __END_ICRCs__
###############################################################################






###############################################################################
## __OBSERVATION__
###############################################################################
@article{DeLotto:2017ggz,
      author         = "De Lotto, Barbara and Ansoldi, Stefano and Antonelli,
                        Angelo and Berti, Alessio and Carosi, Alessandro and
                        Longo, Francesco and Stamerra, Antonio",
      title          = "{MAGIC electromagnetic follow-up of gravitational wave
                        alerts}",
      booktitle      = "{Proceedings, IAU Symposium 324: New Frontiers in Black
                        Hole Astrophysics: Ljubljana, Slovenia, September 12-16,
                        2016}",
      collaboration  = "MAGIC",
      journal        = "IAU Symp.",
      volume         = "324",
      year           = "2016",
      pages          = "287-290",
      doi            = "10.1017/S1743921317001430",
      SLACcitation   = "%%CITATION = IASYA,324,287;%%"
}
@article{Abbott:2016blz,
      author         = "Abbott, B. P. and others",
      title          = "{Observation of Gravitational Waves from a Binary Black
                        Hole Merger}",
      collaboration  = "Virgo, LIGO Scientific",
      journal        = "Phys. Rev. Lett.",
      volume         = "116",
      year           = "2016",
      number         = "6",
      pages          = "061102",
      doi            = "10.1103/PhysRevLett.116.061102",
      eprint         = "1602.03837",
      archivePrefix  = "arXiv",
      primaryClass   = "gr-qc",
      reportNumber   = "LIGO-P150914",
      SLACcitation   = "%%CITATION = ARXIV:1602.03837;%%"
}
@article{TheLIGOScientific:2017qsa,
      author         = "Abbott, B. P. and others",
      title          = "{GW170817: Observation of Gravitational Waves from a
                        Binary Neutron Star Inspiral}",
      collaboration  = "Virgo, LIGO Scientific",
      journal        = "Phys. Rev. Lett.",
      volume         = "119",
      year           = "2017",
      number         = "16",
      pages          = "161101",
      doi            = "10.1103/PhysRevLett.119.161101",
      eprint         = "1710.05832",
      archivePrefix  = "arXiv",
      primaryClass   = "gr-qc",
      reportNumber   = "LIGO-P170817",
      SLACcitation   = "%%CITATION = ARXIV:1710.05832;%%"
}
@article{Casey:2014SPIce,
      title={The 1500 m South Pole ice core: recovering a 40 ka environmental record},
      volume={55},
      DOI={10.3189/2014AoG68A016},
      number={68},
      journal={Annals of Glaciology},
      publisher={Cambridge University Press},
      author={Casey,
      K.A. and Fudge,
      T.J. and Neumann,
      T.A. and Steig,
      E.J. and Cavitte,
      M.G.P. and Blankenship,
      D.D.},
      year={2014},
      pages={137–146}
}
@ARTICLE{Bay:2010SPIce,
   author = {{Bay}, R.~C. and {Rohde}, R.~A. and {Price}, P.~B. and {Bramall}, N.~E.
      },
    title = "{South Pole paleowind from automated synthesis of ice core records}",
  journal = {Journal of Geophysical Research (Atmospheres)},
 keywords = {Cryosphere: Ice cores (4932), Global Change: Climate dynamics (0429, 3309), Cryosphere: Glaciology (1621, 1827, 1863), Atmospheric Processes: Climate change and variability (1616, 1635, 3309, 4215, 4513), Biogeosciences: Paleoclimatology and paleoceanography (3344, 4900), ice cores, climate change},
     year = 2010,
    month = jul,
   volume = 115,
   number = D14,
      eid = {D14126},
    pages = {D14126},
      doi = {10.1029/2009JD013741},
   adsurl = {http://adsabs.harvard.edu/abs/2010JGRD..11514126B},
  adsnote = {Provided by the SAO/NASA Astrophysics Data System}
}
@article{Yang:2012CentaurusA,
      author = {{Yang, R.-Z.} and {Sahakyan, N.} and {de Ona Wilhelmi, E.} and {Aharonian, F.} and {Rieger, F.}},
      title = {Deep observation of the giant radio lobes of Centaurus A   with the Fermi Large Area Telescope},
      DOI= "10.1051/0004-6361/201118713",
      url= "https://doi.org/10.1051/0004-6361/201118713",
      journal = {A\&A},
      year = 2012,
      volume = 542,
      pages = "A19",
      month = "",
}
###############################################################################
## __END_OBSERVATION__
###############################################################################






###############################################################################
## __THEORY__
###############################################################################
@article{MedinaTanco:1997rt,
      author         = "Medina-Tanco, Gustavo A. and de Gouveia Dal Pino,
                        Elisabete M. and Horvath, Jorge E.",
      title          = "{Deflection of ultrahigh-energy cosmic rays by the
                        galactic magnetic field: From the sources to the
                        detector}",
      journal        = "Astrophys. J.",
      volume         = "492",
      year           = "1998",
      pages          = "200",
      doi            = "10.1086/305044",
      eprint         = "astro-ph/9707041",
      archivePrefix  = "arXiv",
      primaryClass   = "astro-ph",
      SLACcitation   = "%%CITATION = ASTRO-PH/9707041;%%"
}
@ARTICLE{GilmoreGammaRayAtt,
   author = {{Gilmore}, R.~C. and {Madau}, P. and {Primack}, J.~R. and {Somerville}, R.~S. and
	{Haardt}, F.},
    title = "{GeV gamma-ray attenuation and the high-redshift UV background}",
  journal = {\mnras},
archivePrefix = "arXiv",
   eprint = {0905.1144},
 keywords = {intergalactic medium , gamma rays: bursts , cosmology: theory , gamma rays: theory , diffuse radiation , ultraviolet: galaxies},
     year = 2009,
    month = nov,
   volume = 399,
    pages = {1694-1708},
      doi = {10.1111/j.1365-2966.2009.15392.x},
   adsurl = {http://adsabs.harvard.edu/abs/2009MNRAS.399.1694G},
  adsnote = {Provided by the SAO/NASA Astrophysics Data System}
}
@article{Hoerandel:2002yg,
      author         = "Hoerandel, Joerg R.",
      title          = "{On the knee in the energy spectrum of cosmic rays}",
      journal        = "Astropart. Phys.",
      volume         = "19",
      year           = "2003",
      pages          = "193-220",
      doi            = "10.1016/S0927-6505(02)00198-6",
      eprint         = "astro-ph/0210453",
      archivePrefix  = "arXiv",
      primaryClass   = "astro-ph",
      SLACcitation   = "%%CITATION = ASTRO-PH/0210453;%%"
}
@article{Gondolo:1995fq,
      author         = "Gondolo, P. and Ingelman, G. and Thunman, M.",
      title          = "{Charm production and high-energy atmospheric muon and
                        neutrino fluxes}",
      journal        = "Astropart. Phys.",
      volume         = "5",
      year           = "1996",
      pages          = "309-332",
      doi            = "10.1016/0927-6505(96)00033-3",
      eprint         = "hep-ph/9505417",
      archivePrefix  = "arXiv",
      primaryClass   = "hep-ph",
      reportNumber   = "TSL-ISV-95-0120, PAR-LPTHE-95-29",
      SLACcitation   = "%%CITATION = HEP-PH/9505417;%%"
}
@article{Gao:2018mnu,
      author         = "Gao, Shan and Fedynitch, Anatoli and Winter, Walter and
                        Pohl, Martin",
      title          = "{Interpretation of the coincident observation of a high
                        energy neutrino and a bright flare}",
      year           = "2018",
      eprint         = "1807.04275",
      archivePrefix  = "arXiv",
      primaryClass   = "astro-ph.HE",
      SLACcitation   = "%%CITATION = ARXIV:1807.04275;%%"
}
@article{FermiShockAcc,
  title = {On the Origin of the Cosmic Radiation},
  author = {Fermi, ENRICO},
  journal = {Phys. Rev.},
  volume = {75},
  issue = {8},
  pages = {1169--1174},
  numpages = {0},
  year = {1949},
  month = {Apr},
  publisher = {American Physical Society},
  doi = {10.1103/PhysRev.75.1169},
  url = {https://link.aps.org/doi/10.1103/PhysRev.75.1169}
}
@inproceedings{Baring:1997ka,
      author         = "Baring, Matthew G.",
      title          = "{Diffusive shock acceleration: The Fermi mechanism}",
      booktitle      = "{Very high-energy phenomena in the universe. Proceedings,
                        32nd Rencontres de Moriond, Les Arcs, France, January
                        18-25, 1997}",
      year           = "1997",
      pages          = "97-106",
      eprint         = "astro-ph/9711177",
      archivePrefix  = "arXiv",
      primaryClass   = "astro-ph",
      SLACcitation   = "%%CITATION = ASTRO-PH/9711177;%%"
}
@ARTICLE{BellShockAcc1,
   author = {{Bell}, A.~R.},
    title = "{The acceleration of cosmic rays in shock fronts. I}",
  journal = {\mnras},
 keywords = {Cosmic Rays, Particle Acceleration, Relativistic Particles, Shock Fronts, Electrostatic Waves, Energy Spectra, Galactic Radiation, Magnetohydrodynamic Waves, Oblique Shock Waves, Shock Wave Propagation},
     year = 1978,
    month = jan,
   volume = 182,
    pages = {147-156},
      doi = {10.1093/mnras/182.2.147},
   adsurl = {http://adsabs.harvard.edu/abs/1978MNRAS.182..147B},
  adsnote = {Provided by the SAO/NASA Astrophysics Data System}
}
@article{BellShockAcc2,
author = {Bell, A. R.},
title = {The acceleration of cosmic rays in shock fronts – II},
journal = {Monthly Notices of the Royal Astronomical Society},
volume = {182},
number = {3},
pages = {443-455},
year = {1978},
doi = {10.1093/mnras/182.3.443},
URL = {http://dx.doi.org/10.1093/mnras/182.3.443},
eprint = {/oup/backfile/content_public/journal/mnras/182/3/10.1093/mnras/182.3.443/2/mnras182-0443.pdf}
}
@article{Frichter:1997wh,
      author         = "Frichter, G. M. and Gaisser, T. K. and Stanev, T.",
      title          = "{Inelasticity in p - nucleus collisions and its
                        application to high-energy cosmic ray cascades}",
      journal        = "Phys. Rev.",
      volume         = "D56",
      year           = "1997",
      pages          = "3135-3142",
      doi            = "10.1103/PhysRevD.56.3135",
      eprint         = "astro-ph/9704061",
      archivePrefix  = "arXiv",
      primaryClass   = "astro-ph",
      reportNumber   = "BA-97-12",
      SLACcitation   = "%%CITATION = ASTRO-PH/9704061;%%"
}
@article{Athar:2005wg,
      author         = "Athar, H. and Kim, C. S. and Lee, Jake",
      title          = "{The Intrinsic and oscillated astrophysical neutrino
                        flavor ratios}",
      journal        = "Mod. Phys. Lett.",
      volume         = "A21",
      year           = "2006",
      pages          = "1049-1066",
      doi            = "10.1142/S021773230602038X",
      eprint         = "hep-ph/0505017",
      archivePrefix  = "arXiv",
      primaryClass   = "hep-ph",
      SLACcitation   = "%%CITATION = HEP-PH/0505017;%%"
}
@article{Athar:2000yw,
      author         = "Athar, H. and Jezabek, M. and Yasuda, O.",
      title          = "{Effects of neutrino mixing on high-energy cosmic
                        neutrino flux}",
      journal        = "Phys. Rev.",
      volume         = "D62",
      year           = "2000",
      pages          = "103007",
      doi            = "10.1103/PhysRevD.62.103007",
      eprint         = "hep-ph/0005104",
      archivePrefix  = "arXiv",
      primaryClass   = "hep-ph",
      reportNumber   = "TMUP-HEL-0006",
      SLACcitation   = "%%CITATION = HEP-PH/0005104;%%"
}
@inproceedings{Moskalenko:2003en,
      author         = "Moskalenko, Igor V.",
      title          = "{Cosmic ray propagation and acceleration}",
      booktitle      = "{Proceedings, 28th International Cosmic Ray Conference
                        (ICRC 2003): Tsukuba, Japan, July 31-August 7, 2003}",
      year           = "2003",
      pages          = "183-204",
      note           = "[8,183(2003)]",
      eprint         = "astro-ph/0405532",
      archivePrefix  = "arXiv",
      primaryClass   = "astro-ph",
      SLACcitation   = "%%CITATION = ASTRO-PH/0405532;%%"
}
@ARTICLE{Moskalenko:2013galprop,
   author = {{Strong}, A.~W. and {Moskalenko}, I.~V. and {Porter}, T.~A. and
	{J{\'o}hannesson}, G. and {Orlando}, E. and {Digel}, S.~W.},
    title = "{The GALPROP Cosmic-Ray Propagation Code}",
  journal = {ArXiv e-prints},
archivePrefix = "arXiv",
   eprint = {0907.0559},
 primaryClass = "astro-ph.HE",
 keywords = {Astrophysics - High Energy Astrophysical Phenomena},
     year = 2009,
    month = jul,
   adsurl = {http://adsabs.harvard.edu/abs/2009arXiv0907.0559S},
  adsnote = {Provided by the SAO/NASA Astrophysics Data System}
}
@article{Gaisser:2013bla,
      author         = "Gaisser, Thomas K. and Stanev, Todor and Tilav, Serap",
      title          = "{Cosmic Ray Energy Spectrum from Measurements of Air
                        Showers}",
      journal        = "Front. Phys.(Beijing)",
      volume         = "8",
      year           = "2013",
      pages          = "748-758",
      doi            = "10.1007/s11467-013-0319-7",
      eprint         = "1303.3565",
      archivePrefix  = "arXiv",
      primaryClass   = "astro-ph.HE",
      SLACcitation   = "%%CITATION = ARXIV:1303.3565;%%"
}
@ARTICLE{Boettcher:2012ssc,
   author = {{Jamil}, O. and {B{\"o}ttcher}, M.},
    title = "{An Angle-dependent Synchrotron Self-Compton Model for Relativistic Jet Sources}",
  journal = {\apj},
archivePrefix = "arXiv",
   eprint = {1209.2711},
 primaryClass = "astro-ph.HE",
 keywords = {galaxies: active, galaxies: jets, gamma rays: galaxies, radiation mechanisms: non-thermal, relativistic processes},
     year = 2012,
    month = nov,
   volume = 759,
      eid = {45},
    pages = {45},
      doi = {10.1088/0004-637X/759/1/45},
   adsurl = {http://adsabs.harvard.edu/abs/2012ApJ...759...45J},
  adsnote = {Provided by the SAO/NASA Astrophysics Data System}
}
@article{Bianco:2007fe,
      author         = "Bianco, Carlo Luciano and Bernardini, Maria Grazia and
                        Caito, Letizia and Dainotti, Maria Giovanna and Guida,
                        Roberto and Ruffini, Remo",
      title          = "{The Fireshell model and the canonical GRB scenario}",
      booktitle      = "{Proceedings, 4th Italian-Sino Workshop on Relativistic
                        astrophysics: Pescara, Italy, 20-28 July 2007}",
      journal        = "AIP Conf. Proc.",
      volume         = "966",
      year           = "2007",
      pages          = "12-15",
      doi            = "10.1063/1.2836983",
      eprint         = "0712.0495",
      archivePrefix  = "arXiv",
      primaryClass   = "astro-ph",
      SLACcitation   = "%%CITATION = ARXIV:0712.0495;%%"
}
@article{Senno:2016grb,
  title = {Choked jets and low-luminosity gamma-ray bursts as hidden neutrino sources},
  author = {Senno, Nicholas and Murase, Kohta and M\'esz\'aros, Peter},
  journal = {Phys. Rev. D},
  volume = {93},
  issue = {8},
  pages = {083003},
  numpages = {11},
  year = {2016},
  month = {Apr},
  publisher = {American Physical Society},
  doi = {10.1103/PhysRevD.93.083003},
  url = {https://link.aps.org/doi/10.1103/PhysRevD.93.083003}
}
@article{Mattila:2018gsg,
      author         = "Mattila, S. and others",
      title          = "{A dust-enshrouded tidal disruption event with a resolved
                        radio jet in a galaxy merger}",
      journal        = "Science",
      volume         = "361",
      year           = "2018",
      pages          = "482",
      doi            = "10.1126/science.aao4669",
      eprint         = "1806.05717",
      archivePrefix  = "arXiv",
      primaryClass   = "astro-ph.GA",
      SLACcitation   = "%%CITATION = ARXIV:1806.05717;%%"
}
@article{Engberg:2008prompt,
  title = {Prompt neutrino fluxes from atmospheric charm},
  author = {Enberg, Rikard and Reno, Mary Hall and Sarcevic, Ina},
  journal = {Phys. Rev. D},
  volume = {78},
  issue = {4},
  pages = {043005},
  numpages = {13},
  year = {2008},
  month = {Aug},
  publisher = {American Physical Society},
  doi = {10.1103/PhysRevD.78.043005},
  url = {https://link.aps.org/doi/10.1103/PhysRevD.78.043005}
}
@article{Gaisser:2002jj,
      author         = "Gaisser, T. K. and Honda, M.",
      title          = "{Flux of atmospheric neutrinos}",
      journal        = "Ann. Rev. Nucl. Part. Sci.",
      volume         = "52",
      year           = "2002",
      pages          = "153-199",
      doi            = "10.1146/annurev.nucl.52.050102.090645",
      eprint         = "hep-ph/0203272",
      archivePrefix  = "arXiv",
      primaryClass   = "hep-ph",
      SLACcitation   = "%%CITATION = HEP-PH/0203272;%%"
}
@article{RADEL2013102,
title = "Calculation of the Cherenkov light yield from electromagnetic cascades in ice with Geant4",
journal = "Astroparticle Physics",
volume = "44",
pages = "102 - 113",
year = "2013",
issn = "0927-6505",
doi = "https://doi.org/10.1016/j.astropartphys.2013.01.015",
url = "http://www.sciencedirect.com/science/article/pii/S092765051300025X",
author = "Leif Rädel and Christopher Wiebusch",
keywords = "Neutrino telescopes, Cherenkov-light, Geant4, Electro-magnetic cascades"
}
@article{CooperSarkar:2011pa,
      author         = "Cooper-Sarkar, Amanda and Mertsch, Philipp and Sarkar,
                        Subir",
      title          = "{The high energy neutrino cross-section in the Standard
                        Model and its uncertainty}",
      journal        = "JHEP",
      volume         = "08",
      year           = "2011",
      pages          = "042",
      doi            = "10.1007/JHEP08(2011)042",
      eprint         = "1106.3723",
      archivePrefix  = "arXiv",
      primaryClass   = "hep-ph",
      SLACcitation   = "%%CITATION = ARXIV:1106.3723;%%"
}
@article{Gandhi:1995tf,
      author         = "Gandhi, Raj and Quigg, Chris and Reno, Mary Hall and
                        Sarcevic, Ina",
      title          = "{Ultrahigh-energy neutrino interactions}",
      journal        = "Astropart. Phys.",
      volume         = "5",
      year           = "1996",
      pages          = "81-110",
      doi            = "10.1016/0927-6505(96)00008-4",
      eprint         = "hep-ph/9512364",
      archivePrefix  = "arXiv",
      primaryClass   = "hep-ph",
      reportNumber   = "FERMILAB-PUB-95-221-T, CLNS-95-1357, MRI-PHY-16-95,
                        UIOWA-95-06, AZPH-TH-95-15",
      SLACcitation   = "%%CITATION = HEP-PH/9512364;%%"
}
@article{Cherenkov:1938origins,
  title = {Visible Radiation Produced by Electrons Moving in a Medium with Velocities Exceeding that of Light},
  author = {\ifmmode \check{C}\else \v{C}\fi{}erenkov, P. A.},
  journal = {Phys. Rev.},
  volume = {52},
  issue = {4},
  pages = {378--379},
  numpages = {0},
  year = {1937},
  month = {Aug},
  publisher = {American Physical Society},
  doi = {10.1103/PhysRev.52.378},
  url = {https://link.aps.org/doi/10.1103/PhysRev.52.378}
}
@article{Mead:1958QuantRefIdx,
  title = {Quantum Theory of the Refractive Index},
  author = {Mead, C. A.},
  journal = {Phys. Rev.},
  volume = {110},
  issue = {2},
  pages = {359--369},
  numpages = {0},
  year = {1958},
  month = {Apr},
  publisher = {American Physical Society},
  doi = {10.1103/PhysRev.110.359},
  url = {https://link.aps.org/doi/10.1103/PhysRev.110.359}
}
@article{Wilks:1938dza,
      author         = "Wilks, S. S.",
      title          = "{The Large-Sample Distribution of the Likelihood Ratio
                        for Testing Composite Hypotheses}",
      journal        = "Annals Math. Statist.",
      volume         = "9",
      year           = "1938",
      number         = "1",
      pages          = "60-62",
      doi            = "10.1214/aoms/1177732360",
      SLACcitation   = "%%CITATION = AASTA,9,60;%%"
}
@techreport{Siotani:1963Gaus,
  title={Tolerance Regions for a Multivariate Normal Population},
  author={Siotani, M.},
  year={1963},
  institution={Stanford University, Stanford, California},
  url = {https://statistics.stanford.edu/sites/default/files/OLK%20NSF%2005.pdf}
}
@article{Arguelles:2018awr,
      author         = "Argüelles, Carlos A. and Palomares-Ruiz, Sergio and
                        Schneider, Austin and Wille, Logan and Yuan, Tianlu",
      title          = "{Unified atmospheric neutrino passing fractions for
                        large-scale neutrino telescopes}",
      journal        = "JCAP",
      volume         = "1807",
      year           = "2018",
      number         = "07",
      pages          = "047",
      doi            = "10.1088/1475-7516/2018/07/047",
      eprint         = "1805.11003",
      archivePrefix  = "arXiv",
      primaryClass   = "hep-ph",
      reportNumber   = "IFIC/18-24, IFIC-18-24",
      SLACcitation   = "%%CITATION = ARXIV:1805.11003;%%"
}
###############################################################################
## __END_THEORY__
###############################################################################






###############################################################################
## __REVIEW__
###############################################################################
@Article{Cirkel-Bartelt2008,
  author="Cirkel-Bartelt, Vanessa",
  title="History of Astroparticle Physics and its Components",
  journal="Living Reviews in Relativity",
  year="2008",
  month="May",
  day="07",
  volume="11",
  number="1",
  pages="2",
  abstract="This article gives an outline of the historical events that led to the formation of contemporary astroparticle physics. As a starting point for analyzing the history of astroparticle physics this article will review the various, yet scattered pieces of historical work that have been done so far. To make the picture more complete it will then give a brief survey of the most important fields that have played a role in the development of astroparticle physics as we know it today. It will conclude with an overview of the historical questions that are still open and the rich philosophical implications that lie behind those questions.",
  issn="1433-8351",
  doi="10.12942/lrr-2008-2",
  url="https://doi.org/10.12942/lrr-2008-2"
}
@article{Learned:2000sw,
      author         = "Learned, J. G. and Mannheim, K.",
      title          = "{High-energy neutrino astrophysics}",
      journal        = "Ann. Rev. Nucl. Part. Sci.",
      volume         = "50",
      year           = "2000",
      pages          = "679-749",
      doi            = "10.1146/annurev.nucl.50.1.679",
      SLACcitation   = "%%CITATION = ARNUA,50,679;%%"
}
@INPROCEEDINGS{Giovanelli:2009,
   author = {{Giovannelli}, F.},
    title = "{Astroparticle physics (a short review)}",
booktitle = {Frontier Objects in Astrophysics and Particle Physics},
     year = 2009,
   editor = {{Giovannelli}, F. and {Mannocchi}, G.},
    pages = {3},
   adsurl = {http://adsabs.harvard.edu/abs/2009foap.conf....3G},
  adsnote = {Provided by the SAO/NASA Astrophysics Data System}
}
@article{Halzen:2016gng,
      author         = "Halzen, Francis",
      title          = "{High-energy neutrino astrophysics}",
      journal        = "Nature Phys.",
      volume         = "13",
      year           = "2016",
      number         = "3",
      pages          = "232-238",
      doi            = "10.1038/nphys3816",
      SLACcitation   = "%%CITATION = NPAHA,13,232;%%"
}
@article{Katz:2011ke,
      author         = "Katz, U. F. and Spiering, Ch.",
      title          = "{High-Energy Neutrino Astrophysics: Status and
                        Perspectives}",
      journal        = "Prog. Part. Nucl. Phys.",
      volume         = "67",
      year           = "2012",
      pages          = "651-704",
      doi            = "10.1016/j.ppnp.2011.12.001",
      eprint         = "1111.0507",
      archivePrefix  = "arXiv",
      primaryClass   = "astro-ph.HE",
      SLACcitation   = "%%CITATION = ARXIV:1111.0507;%%"
}
@article{Anchordoqui:2013dnh,
      author         = "Anchordoqui, Luis A. and others",
      title          = "{Cosmic Neutrino Pevatrons: A Brand New Pathway to
                        Astronomy, Astrophysics, and Particle Physics}",
      journal        = "JHEAp",
      volume         = "1-2",
      year           = "2014",
      pages          = "1-30",
      doi            = "10.1016/j.jheap.2014.01.001",
      eprint         = "1312.6587",
      archivePrefix  = "arXiv",
      primaryClass   = "astro-ph.HE",
      reportNumber   = "FERMILAB-PUB-13-541-A",
      SLACcitation   = "%%CITATION = ARXIV:1312.6587;%%"
}
@article{Patrignani:2016xqp,
      author         = "Patrignani, C. and others",
      title          = "{Review of Particle Physics}",
      collaboration  = "Particle Data Group",
      journal        = "Chin. Phys.",
      volume         = "C40",
      year           = "2016",
      number         = "10",
      pages          = "100001",
      doi            = "10.1088/1674-1137/40/10/100001",
      SLACcitation   = "%%CITATION = CHPHD,C40,100001;%%"
}
@article{Herrero:1998eq,
      author         = "Herrero, M.",
      title          = "{The Standard model}",
      booktitle      = "{Techniques and Concepts of High-Energy Physics:
                        Proceedings, 10th NATO Advanced Study Institute, St.
                        Croix, USA, June 18-29, 1998}",
      journal        = "NATO Sci. Ser. C",
      volume         = "534",
      year           = "1999",
      pages          = "1-59",
      doi            = "10.1007/978-94-011-4689-0_1",
      eprint         = "hep-ph/9812242",
      archivePrefix  = "arXiv",
      primaryClass   = "hep-ph",
      reportNumber   = "FTUAM-98-25",
      SLACcitation   = "%%CITATION = HEP-PH/9812242;%%"
}
@book{Gaisser:1990vg,
      author         = "Gaisser, T. K.",
      title          = "{Cosmic rays and particle physics}",
      url            = "http://www.cambridge.org/uk/catalogue/catalogue.asp?isbn=0521326672",
      journal        = "Cambridge, UK: Univ. Pr. (1990) 279 p",
      year           = "1990",
      ISBN           = "9780521339315",
      SLACcitation   = "%%CITATION = INSPIRE-306864;%%"
}
@book{Gaisser:2016uoy,
      author         = "Gaisser, Thomas K. and Engel, Ralph and Resconi, Elisa",
      title          = "{Cosmic Rays and Particle Physics}",
      publisher      = "Cambridge University Press",
      year           = "2016",
      url            = "http://www.cambridge.org/de/academic/subjects/physics/cosmology-relativity-and-gravitation/cosmic-rays-and-particle-physics-2nd-edition?format=HB",
      ISBN           = "9780521016469, 9781316598917",
      SLACcitation   = "%%CITATION = INSPIRE-1419789;%%"
}
@book{Grupen:2005rx,
      author         = "Grupen, C.",
      title          = "{Astroparticle physics}",
      url            = "http://www.springer.com/book/3-540-25312-2",
      journal        = "Berlin, Germany: Springer (2005) 441 p",
      year           = "2005",
      ISBN           = "9783540253129",
      SLACcitation   = "%%CITATION = INSPIRE-700859;%%"
}
@ARTICLE{NetzerAGNReview,
   author = {{Netzer}, H.},
    title = "{Revisiting the Unified Model of Active Galactic Nuclei}",
  journal = {\araa},
archivePrefix = "arXiv",
   eprint = {1505.00811},
     year = 2015,
    month = aug,
   volume = 53,
    pages = {365-408},
      doi = {10.1146/annurev-astro-082214-122302},
   adsurl = {http://adsabs.harvard.edu/abs/2015ARA%26A..53..365N},
  adsnote = {Provided by the SAO/NASA Astrophysics Data System}
}
@inproceedings{Beckmann:2013wte,
      author         = "Beckmann, Volker and Shrader, Chris R.",
      title          = "{The AGN phenomenon: open issues}",
      year           = "2013",
      eprint         = "1302.1397",
      archivePrefix  = "arXiv",
      primaryClass   = "astro-ph.HE",
      SLACcitation   = "%%CITATION = ARXIV:1302.1397;%%"
}
@article{Urry:1995mg,
      author         = "Urry, C. Megan and Padovani, Paolo",
      title          = "{Unified schemes for radio-loud active galactic nuclei}",
      journal        = "Publ. Astron. Soc. Pac.",
      volume         = "107",
      year           = "1995",
      pages          = "803",
      doi            = "10.1086/133630",
      eprint         = "astro-ph/9506063",
      archivePrefix  = "arXiv",
      primaryClass   = "astro-ph",
      SLACcitation   = "%%CITATION = ASTRO-PH/9506063;%%"
}
@article{Lipari:2008zf,
      author         = "Lipari, Paolo",
      title          = "{Proton and Neutrino Extragalactic Astronomy}",
      journal        = "Phys. Rev.",
      volume         = "D78",
      year           = "2008",
      pages          = "083011",
      doi            = "10.1103/PhysRevD.78.083011",
      eprint         = "0808.0344",
      archivePrefix  = "arXiv",
      primaryClass   = "astro-ph",
      SLACcitation   = "%%CITATION = ARXIV:0808.0344;%%"
}
@article{Keivani:2018rnh,
      author         = "Keivani, A. and others",
      title          = "{A Multimessenger Picture of the Flaring Blazar TXS
                        0506+056: implications for High-Energy Neutrino Emission
                        and Cosmic Ray Acceleration}",
      year           = "2018",
      eprint         = "1807.04537",
      archivePrefix  = "arXiv",
      primaryClass   = "astro-ph.HE",
      SLACcitation   = "%%CITATION = ARXIV:1807.04537;%%"
}
@article{Kowalski:2014zda,
      author         = "Kowalski, Marek",
      title          = "{Status of High-Energy Neutrino Astronomy}",
      booktitle      = "{Proceedings, 24th European Cosmic Ray Symposium (ECRS
                        2014): Kiel, Germany, September 1-5, 2014}",
      journal        = "J. Phys. Conf. Ser.",
      volume         = "632",
      year           = "2015",
      number         = "1",
      pages          = "012039",
      doi            = "10.1088/1742-6596/632/1/012039",
      eprint         = "1411.4385",
      archivePrefix  = "arXiv",
      primaryClass   = "astro-ph.HE",
      SLACcitation   = "%%CITATION = ARXIV:1411.4385;%%"
}
@article{Malkov:2001tu,
      author         = "Malkov, M. A. and Diamond, P. H.",
      title          = "{Modern theory of Fermi acceleration: a new challenge to
                        plasma physics}",
      journal        = "Phys. Plasmas",
      volume         = "8",
      year           = "2001",
      pages          = "2401",
      doi            = "10.1063/1.1345507",
      eprint         = "astro-ph/0102373",
      archivePrefix  = "arXiv",
      primaryClass   = "astro-ph",
      SLACcitation   = "%%CITATION = ASTRO-PH/0102373;%%"
}
@ARTICLE{Gaisser:2010historic,
   author = {{Gaisser}, T.~K.},
    title = "{Cosmic rays: current status, historical context}",
  journal = {ArXiv e-prints},
archivePrefix = "arXiv",
   eprint = {1010.5996},
 primaryClass = "astro-ph.HE",
 keywords = {Astrophysics - High Energy Astrophysical Phenomena},
     year = 2010,
    month = oct,
   adsurl = {http://adsabs.harvard.edu/abs/2010arXiv1010.5996G},
  adsnote = {Provided by the SAO/NASA Astrophysics Data System}
}
@article{Meszaros:2017fcs,
      author         = "Meszaros, P.",
      title          = "{Astrophysical Sources of High Energy Neutrinos in the
                        IceCube Era}",
      journal        = "Ann. Rev. Nucl. Part. Sci.",
      volume         = "67",
      year           = "2017",
      pages          = "45-67",
      doi            = "10.1146/annurev-nucl-101916-123304",
      eprint         = "1708.03577",
      archivePrefix  = "arXiv",
      primaryClass   = "astro-ph.HE",
      SLACcitation   = "%%CITATION = ARXIV:1708.03577;%%"
}
@article{Dermer:2016jmw,
      author         = "Dermer, Charles Dennison and Giebels, Berrie",
      title          = "{Active galactic nuclei at gamma-ray energies}",
      journal        = "Comptes Rendus Physique",
      volume         = "17",
      year           = "2016",
      pages          = "594-616",
      doi            = "10.1016/j.crhy.2016.04.004",
      eprint         = "1602.06592",
      archivePrefix  = "arXiv",
      primaryClass   = "astro-ph.HE",
      SLACcitation   = "%%CITATION = ARXIV:1602.06592;%%"
}
@article{Dermer:2006xt,
      author         = "Dermer, Charles D.",
      title          = "{Best-Bet Astrophysical Neutrino Sources}",
      booktitle      = "{TeV particle astrophysics. Proceedings, 2nd Workshop,
                        Madison, USA, August 28-31, 2006}",
      journal        = "J. Phys. Conf. Ser.",
      volume         = "60",
      year           = "2007",
      pages          = "8-13",
      doi            = "10.1088/1742-6596/60/1/002",
      eprint         = "astro-ph/0611191",
      archivePrefix  = "arXiv",
      primaryClass   = "astro-ph",
      SLACcitation   = "%%CITATION = ASTRO-PH/0611191;%%"
}
@article{Mertsch:2016hcd,
      author         = "Mertsch, Philipp and Rameez, Mohamed and Tamborra, Irene",
      title          = "{Detection prospects for high energy neutrino sources
                        from the anisotropic matter distribution in the local
                        universe}",
      journal        = "JCAP",
      volume         = "1703",
      year           = "2017",
      number         = "03",
      pages          = "011",
      doi            = "10.1088/1475-7516/2017/03/011",
      eprint         = "1612.07311",
      archivePrefix  = "arXiv",
      primaryClass   = "astro-ph.HE",
      SLACcitation   = "%%CITATION = ARXIV:1612.07311;%%"
}
@book{casella2002statistical,
  title={Statistical inference},
  author={Casella, George and Berger, Roger L},
  volume={2},
  year={2002},
  publisher={Duxbury Pacific Grove, CA}
}
@book{bohm2010introduction,
  title={Introduction to statistics and data analysis for physicists},
  author={Bohm, Gerhard and Zech, G{\"u}nter},
  volume={1},
  year={2010},
  publisher={DESY Hamburg}
}
@book{blobel2013statistische,
  title={Statistische und numerische Methoden der Datenanalyse},
  author={Blobel, Volker and Lohrmann, Erich},
  year={2013},
  publisher={Springer-Verlag}
}
@book{barlow1989statistics,
  title={Statistics: a guide to the use of statistical methods in the physical sciences},
  author={Barlow, Roger J},
  volume={29},
  year={1989},
  publisher={John Wiley \& Sons}
}
@book{Hohenkerk:1992AstroAlmanac,
  title={Explanatory Supplement to the Astronomical Almanac},
  author={Hohenkerk, C. Y. and Yallop, B. D. and Smith, C. A. and & Sinclair, A. T.},
  year={1992},
  publisher={University Science Books}
}

###############################################################################
## __END_REVIEW__
###############################################################################





###############################################################################
## __OBSERVATORIES__
###############################################################################
@article{Wootten:2009qb,
      author         = "Wootten, Alwyn and Thompson, A. Richard",
      title          = "{The Atacama Large Millimeter/submillimeter Array}",
      journal        = "IEEE Proc.",
      volume         = "97",
      year           = "2009",
      pages          = "1463",
      doi            = "10.1109/JPROC.2009.2020572",
      eprint         = "0904.3739",
      archivePrefix  = "arXiv",
      primaryClass   = "astro-ph.IM",
      SLACcitation   = "%%CITATION = ARXIV:0904.3739;%%"
}
@article{Liu:2018wot,
      author         = "Liu, Jun and Bignall, Hayley and Krichbaum, Thomas P. and
                        Liu, Xiang and Kraus, Alex and Kovalev, Yuri Y. and
                        Sokolovsky, Kirill V. and Angelakis, Emmanouil and Zensus,
                        J. Anton",
      title          = "{Effelsberg Monitoring of a Sample of RadioAstron
                        Blazars: Analysis of Intra-Day Variability}",
      journal        = "Galaxies",
      volume         = "6",
      year           = "2018",
      pages          = "49",
      doi            = "10.3390/galaxies6020049",
      eprint         = "1804.09289",
      archivePrefix  = "arXiv",
      primaryClass   = "astro-ph.GA",
      SLACcitation   = "%%CITATION = ARXIV:1804.09289;%%"
}
@article{Jarosik:2010iu,
      author         = "Jarosik, N. and others",
      title          = "{Seven-Year Wilkinson Microwave Anisotropy Probe (WMAP)
                        Observations: Sky Maps, Systematic Errors, and Basic
                        Results}",
      journal        = "Astrophys. J. Suppl.",
      volume         = "192",
      year           = "2011",
      pages          = "14",
      doi            = "10.1088/0067-0049/192/2/14",
      eprint         = "1001.4744",
      archivePrefix  = "arXiv",
      primaryClass   = "astro-ph.CO",
      SLACcitation   = "%%CITATION = ARXIV:1001.4744;%%"
}
@article{Adam:2015rua,
      author         = "Adam, R. and others",
      title          = "{Planck 2015 results. I. Overview of products and
                        scientific results}",
      collaboration  = "Planck",
      journal        = "Astron. Astrophys.",
      volume         = "594",
      year           = "2016",
      pages          = "A1",
      doi            = "10.1051/0004-6361/201527101",
      eprint         = "1502.01582",
      archivePrefix  = "arXiv",
      primaryClass   = "astro-ph.CO",
      SLACcitation   = "%%CITATION = ARXIV:1502.01582;%%"
}
@article{Werner:2004zk,
      author         = "Werner, M. W. and others",
      title          = "{The Spitzer Space Telescope mission}",
      journal        = "Astrophys. J. Suppl.",
      volume         = "154",
      year           = "2004",
      pages          = "1-9",
      doi            = "10.1086/422992",
      eprint         = "astro-ph/0406223",
      archivePrefix  = "arXiv",
      primaryClass   = "astro-ph",
      SLACcitation   = "%%CITATION = ASTRO-PH/0406223;%%"
}
@article{Dalal:2017lpy,
      author         = "Dalal, Neal and Dvorkin, Cora and Heyl, Jeremy and Jain,
                        Bhuvnesh and Kamionkowski, Marc and Marshall, Phil and
                        Weinberg, David",
      title          = "{Fundamental Physics with the Hubble Space Telescope}",
      year           = "2017",
      eprint         = "1712.04928",
      archivePrefix  = "arXiv",
      primaryClass   = "astro-ph.CO",
      SLACcitation   = "%%CITATION = ARXIV:1712.04928;%%"
}
@ARTICLE{Lallo:2012hubble,
   author = {{Lallo}, M.~D.},
    title = "{Experience with the Hubble Space Telescope: 20 years of an archetype}",
  journal = {Optical Engineering},
archivePrefix = "arXiv",
   eprint = {1203.0002},
 primaryClass = "astro-ph.IM",
     year = 2012,
    month = jan,
   volume = 51,
   number = 1,
      eid = {011011-011011-19},
    pages = {011011-011011-19},
      doi = {10.1117/1.OE.51.1.011011},
   adsurl = {http://adsabs.harvard.edu/abs/2012OptEn..51a1011L},
  adsnote = {Provided by the SAO/NASA Astrophysics Data System}
}
@article{Sembach:1998gc,
      author         = "Sembach, Kenneth R.",
      title          = "{The far ultraviolet spectroscopic explorer: mission
                        overview and prospects for studies of the interstellar
                        medium and high velocity clouds}",
      journal        = "ASP Conf. Ser.",
      volume         = "166",
      year           = "1999",
      pages          = "243",
      eprint         = "astro-ph/9811314",
      archivePrefix  = "arXiv",
      primaryClass   = "astro-ph",
      SLACcitation   = "%%CITATION = ASTRO-PH/9811314;%%"
}
@INPROCEEDINGS{ODell:2010:xray,
   author = {{O'Dell}, S.~L. and {Brissenden}, R.~J. and {Davis}, W.~N. and
	{Elsner}, R.~F. and {Elvis}, M.~S. and {Freeman}, M.~D. and
	{Gaetz}, T. and {Gorenstein}, P. and {Gubarev}, M.~V. and {Jerius}, D. and
	{Juda}, M. and {Kolodziejczak}, J.~J. and {Murray}, S.~S. and
	{Petre}, R. and {Podgorski}, W. and {Ramsey}, B.~D. and {Reid}, P.~B. and
	{Saha}, T. and {Schwartz}, D.~A. and {Trolier-McKinstry}, S. and
	{Weisskopf}, M.~C. and {Wilke}, R.~H.~T. and {Wolk}, S. and
	{Zhang}, W.~W.},
    title = "{High-resolution x-ray telescopes}",
booktitle = {Adaptive X-Ray Optics},
     year = 2010,
   series = {\procspie},
   volume = 7803,
archivePrefix = "arXiv",
   eprint = {1010.4892},
 primaryClass = "astro-ph.IM",
    month = aug,
      eid = {78030H},
    pages = {78030H},
      doi = {10.1117/12.862315},
   adsurl = {http://adsabs.harvard.edu/abs/2010SPIE.7803E..0HO},
  adsnote = {Provided by the SAO/NASA Astrophysics Data System}
}
@article{TheFermi-LAT:2017pvy,
      author         = "Ajello, M. and others",
      title          = "{3FHL: The Third Catalog of Hard Fermi-LAT Sources}",
      collaboration  = "Fermi-LAT",
      journal        = "Astrophys. J. Suppl.",
      volume         = "232",
      year           = "2017",
      number         = "2",
      pages          = "18",
      doi            = "10.3847/1538-4365/aa8221",
      eprint         = "1702.00664",
      archivePrefix  = "arXiv",
      primaryClass   = "astro-ph.HE",
      SLACcitation   = "%%CITATION = ARXIV:1702.00664;%%"
}@INPROCEEDINGS{Tibolla:2012magic,
   author = {{Tibolla}, O.},
    title = "{Recent Results from the MAGIC Telescopes}",
 keywords = {Gamma-ray: instruments, Gamma-ray: observations, Galactic astrophysics, Extragalactic astrophysics, Cosmic Rays},
booktitle = {Astroparticle, Particle, Space Physics and Detectors For Physics Applications - Proceedings of the 13th ICATPP Conference. Edited by Giani Simone et al. Published by World Scientific Publishing Co. Pte. Ltd., 2012. ISBN \#9789814405072, pp. 194-203},
     year = 2012,
archivePrefix = "arXiv",
   eprint = {1201.2295},
 primaryClass = "astro-ph.HE",
   editor = {{Giani}, S. and {et al.}},
    month = aug,
    pages = {194-203},
      doi = {10.1142/9789814405072_0030},
   adsurl = {http://adsabs.harvard.edu/abs/2012apsp.conf..194T},
  adsnote = {Provided by the SAO/NASA Astrophysics Data System}
}
@INPROCEEDINGS{Lauer:2015hawc,
   author = {{Lauer}, R.~J.},
    title = "{First results from HAWC: monitoring the TeV gamma-ray sky}",
 keywords = {gamma rays, cosmic rays, galaxies: active, gamma ray bursts,},
booktitle = {Extragalactic Jets from Every Angle},
     year = 2015,
   series = {IAU Symposium},
   volume = 313,
   editor = {{Massaro}, F. and {Cheung}, C.~C. and {Lopez}, E. and {Siemiginowska}, A.
	},
    month = mar,
    pages = {70-75},
      doi = {10.1017/S1743921315001891},
   adsurl = {http://adsabs.harvard.edu/abs/2015IAUS..313...70L},
  adsnote = {Provided by the SAO/NASA Astrophysics Data System}
}
@article{Horandel:2015tpa,
      author         = "Hörandel, Jörg R.",
      title          = "{Radio detection of air showers with LOFAR and AERA}",
      booktitle      = "{Proceedings, 2014 Conference on Ultrahigh Energy Cosmic
                        Rays (UHECR2014): Springdale, USA, October 12-15, 2014}",
      collaboration  = "Pierre Auger, LOFAR key science project Cosmic Rays",
      journal        = "JPS Conf. Proc.",
      volume         = "9",
      year           = "2016",
      pages          = "010004",
      doi            = "10.7566/JPSCP.9.010004",
      eprint         = "1509.04960",
      archivePrefix  = "arXiv",
      primaryClass   = "astro-ph.HE",
      SLACcitation   = "%%CITATION = ARXIV:1509.04960;%%"
}
@article{Yoon:2017qjx,
      author         = "Yoon, Y. S. and others",
      title          = "{Proton and Helium Spectra from the CREAM-III Flight}",
      journal        = "Astrophys. J.",
      volume         = "839",
      year           = "2017",
      number         = "1",
      pages          = "5",
      doi            = "10.3847/1538-4357/aa68e4",
      eprint         = "1704.02512",
      archivePrefix  = "arXiv",
      primaryClass   = "astro-ph.HE",
      SLACcitation   = "%%CITATION = ARXIV:1704.02512;%%"
}
@article{PierreAugerSurface,
      author         = "Allekotte, I. and others",
      title          = "{The Surface Detector System of the Pierre Auger
                        Observatory}",
      collaboration  = "Pierre Auger",
      journal        = "Nucl. Instrum. Meth.",
      volume         = "A586",
      year           = "2008",
      pages          = "409-420",
      doi            = "10.1016/j.nima.2007.12.016",
      eprint         = "0712.2832",
      archivePrefix  = "arXiv",
      primaryClass   = "astro-ph",
      reportNumber   = "FERMILAB-PUB-07-664-E-TD",
      SLACcitation   = "%%CITATION = ARXIV:0712.2832;%%"
}
@INPROCEEDINGS{PierreAugerFluorescence,
   author = {{The Pierre Auger Collaboration} and {Abraham}, J. and {Abreu}, P. and {Aglietta}, M. and {Aguirre}, C. and {Ahn}, E.~J. and {Allard}, D. and {Allekotte}, I. and {Allen}, J. and {Allison}, P. and et al.},
    title = "{The Fluorescence Detector of the Pierre Auger Observatory}",
  journal = {ArXiv e-prints},
archivePrefix = "arXiv",
   eprint = {0907.4282},
 primaryClass = "astro-ph.IM",
 keywords = {Astrophysics - Instrumentation and Methods for Astrophysics},
     year = 2009,
    month = jul,
   adsurl = {http://adsabs.harvard.edu/abs/2009arXiv0907.4282T},
  adsnote = {Provided by the SAO/NASA Astrophysics Data System}
}
###############################################################################
## __END_OBSERVATORIES__
###############################################################################





###############################################################################
## __MISC__
###############################################################################
@online{ICOnlineGalleryDetector,
  author = {IceCube Collaboration/NSF},
  title = {IceCube Neutrino Telescope Diagrams},
  year = 2018,
  url = {http://gallery.icecube.wisc.edu/web/var/albums/WWW_GALLERY/Diagrams/1-blueTopArray_black.jpg?m=1425997119},
  urldate = {2018-09-06}
}
@article{KOEHNE20132070,
title = "PROPOSAL: A tool for propagation of charged leptons",
journal = "Computer Physics Communications",
volume = "184",
number = "9",
pages = "2070 - 2090",
year = "2013",
issn = "0010-4655",
doi = "https://doi.org/10.1016/j.cpc.2013.04.001",
url = "http://www.sciencedirect.com/science/article/pii/S0010465513001355",
author = "J.-H. Koehne and K. Frantzen and M. Schmitz and T. Fuchs and W. Rhode and D. Chirkin and J. Becker Tjus",
keywords = "Monte-Carlo simulation, Muon interaction, IceCube"
}
@article{Gazizov:2004va,
      author         = "Gazizov, Askhat and Kowalski, Marek P.",
      title          = "{ANIS: High energy neutrino generator for neutrino
                        telescopes}",
      journal        = "Comput. Phys. Commun.",
      volume         = "172",
      year           = "2005",
      pages          = "203-213",
      doi            = "10.1016/j.cpc.2005.03.113",
      eprint         = "astro-ph/0406439",
      archivePrefix  = "arXiv",
      primaryClass   = "astro-ph",
      reportNumber   = "DESY-04-101",
      SLACcitation   = "%%CITATION = ASTRO-PH/0406439;%%"
}
@article{Gorski:2004by,
      author         = "Gorski, K. M. and Hivon, Eric and Banday, A. J. and
                        Wandelt, B. D. and Hansen, F. K. and Reinecke, M. and
                        Bartelman, M.",
      title          = "{HEALPix - A Framework for high resolution
                        discretization, and fast analysis of data distributed on
                        the sphere}",
      journal        = "Astrophys. J.",
      volume         = "622",
      year           = "2005",
      pages          = "759-771",
      doi            = "10.1086/427976",
      eprint         = "astro-ph/0409513",
      archivePrefix  = "arXiv",
      primaryClass   = "astro-ph",
      SLACcitation   = "%%CITATION = ASTRO-PH/0409513;%%"
}
###############################################################################
## __END_MISC__
###############################################################################
